

@inproceedings{Yamauchi1998,
	title={Frontier-based exploration using multiple robots},
	author={Yamauchi, Brian},
	booktitle={Proceedings of the second international conference on Autonomous agents},
	pages={47--53},
	year={1998},
	organization={ACM}
}

@INPROCEEDINGS{Zlot2002,
	author = {Robert Zlot and Anthony Stentz and M. Bernardine Dias and Scott Thayer},
	title = {Multi-robot exploration controlled by a market economy},
	booktitle = {},
	year = {2002},
	pages = {3016--3023}
}

@article{Murphy2004,
	doi = {10.1109/tsmcc.2004.826267},
	url = {https://doi.org/10.1109/tsmcc.2004.826267},
	year = {2004},
	month = may,
	publisher = {Institute of Electrical and Electronics Engineers ({IEEE})},
	volume = {34},
	number = {2},
	pages = {138--153},
	author = {R.R. Murphy},
	title = {Human{\textendash}Robot Interaction in Rescue Robotics},
	journal = {{IEEE} Transactions on Systems,  Man and Cybernetics,  Part C (Applications and Reviews)}
}

@inproceedings{Endres,
	doi = {10.1109/robot.1998.677424},
	url = {https://doi.org/10.1109/robot.1998.677424},
	publisher = {{IEEE}},
	author = {H. Endres and W. Feiten and G. Lawitzky},
	title = {Field test of a navigation system: autonomous cleaning in supermarkets},
	booktitle = {Proceedings. 1998 {IEEE} International Conference on Robotics and Automation (Cat. No.98CH36146)}
}
@article{Pinheiro2015,
	year = {2015},
	month = {April},
	volume = {5},
	number = {2},
	author = {Paulo Pinheiro and Eleri Cardozo and Jacques Wainer and Eric Rohmer},
	title = {Cleaning Task Planning for an Autonomous Robot in Indoor Places with Multiples Rooms},
	journal = {International Journal of Machine Learning and Computing}
}

@inproceedings{Wurm2008,
	doi = {10.1109/iros.2008.4650734},
	url = {https://doi.org/10.1109/iros.2008.4650734},
	year = {2008},
	month = sep,
	publisher = {{IEEE}},
	author = {K.M. Wurm and C. Stachniss and W. Burgard},
	title = {Coordinated multi-robot exploration using a segmentation of the environment},
	booktitle = {2008 {IEEE}/{RSJ} International Conference on Intelligent Robots and Systems}
}

@article{Julia2012,
	doi = {10.1007/s10514-012-9298-8},
	url = {https://doi.org/10.1007/s10514-012-9298-8},
	year  = {2012},
	month = {may},
	publisher = {Springer Nature},
	volume = {33},
	number = {4},
	pages = {427--444},
	author = {Miguel Juli{\'{a}} and Arturo Gil and Oscar Reinoso},
	title = {A comparison of path planning strategies for autonomous exploration and mapping of unknown environments},
	journal = {Autonomous Robots}
}


@article{Burgard2005,
	doi = {10.1109/tro.2004.839232},
	url = {https://doi.org/10.1109/tro.2004.839232},
	year  = {2005},
	month = {June},
	publisher = {Institute of Electrical and Electronics Engineers ({IEEE})},
	volume = {21},
	number = {3},
	pages = {376--386},
	author = {W. Burgard and M. Moors and C. Stachniss and F.E. Schneider},
	title = {Coordinated multi-robot exploration},
	journal = {{IEEE} Transactions on Robotics}
}

@inproceedings{Michael2008,
	doi = {10.1109/robot.2008.4543197},
	url = {https://doi.org/10.1109/robot.2008.4543197},
	year = {2008},
	month = May,
	publisher = {{IEEE}},
	author = {Nathan Michael and Michael M. Zavlanos and Vijay Kumar and George J. Pappas},
	title = {Distributed multi-robot task assignment and formation control},
	booktitle = {2008 {IEEE} International Conference on Robotics and Automation}
}

@inproceedings{Umari2017,
	doi = {10.1109/iros.2017.8202319},
	url = {https://doi.org/10.1109/iros.2017.8202319},
	year  = {2017},
	month = {sep},
	publisher = {{IEEE}},
	author = {Hassan Umari and Shayok Mukhopadhyay},
	title = {Autonomous robotic exploration based on multiple rapidly-exploring randomized trees},
	booktitle = {2017 {IEEE}/{RSJ} International Conference on Intelligent Robots and Systems ({IROS})}
}

@article{Dias2006,
	doi = {10.1109/jproc.2006.876939},
	url = {https://doi.org/10.1109/jproc.2006.876939},
	year = {2006},
	month = July,
	publisher = {Institute of Electrical and Electronics Engineers ({IEEE})},
	volume = {94},
	number = {7},
	pages = {1257--1270},
	author = {M.B. Dias and R. Zlot and N. Kalra and A. Stentz},
	title = {Market-Based Multirobot Coordination: A Survey and Analysis},
	journal = {Proceedings of the {IEEE}}
}

@article{Dias2003,
	year = {2003},
	month = October,
	author = {M.B. Dias and A. Stentz},
	title = {A comparative study between centralized, market-based, and behavioral multirobot coordination approaches},
	journal = {In Proceedings of the 2003 {IEEE/RJS} International Conference on In Intelligent Robots and System ({IROS})}
}

@article{Wurman2008,
	year = {2008},
	month = {March},
	volume = {29},
	number = {1},
	pages = {9-20},
	author = {P. R. Wurman and R. D'Andrea and M. Mountz},
	title = {Coordinating hundreds of cooperative, autonomous vehicles in warehouses},
	journal = {AI Magazine}
}



@inproceedings{Hess2016,
	title={Real-time loop closure in 2D LIDAR SLAM},
	author={Hess, Wolfgang and Kohler, Damon and Rapp, Holger and Andor, Daniel},
	booktitle={Robotics and Automation (ICRA), 2016 IEEE International Conference on},
	pages={1271--1278},
	year={2016},
	organization={IEEE}
}

@article{Orsulic2019,
	doi = {10.1109/lra.2019.2928203},
	url = {https://doi.org/10.1109/lra.2019.2928203},
	year = {2019},
	publisher = {Institute of Electrical and Electronics Engineers ({IEEE})},
	pages = {1--1},
	author = {Juraj Orsulic and Damjan Miklic and Zdenko Kovacic},
	title = {Efficient Dense Frontier Detection for 2D Graph {SLAM} Based on Occupancy Grid Submaps},
	journal = {{IEEE} Robotics and Automation Letters}
}

@article{Yan2013,
	doi = {10.5772/57313},
	url = {https://doi.org/10.5772/57313},
	year = {2013},
	month = jan,
	publisher = {{SAGE} Publications},
	volume = {10},
	number = {12},
	pages = {399},
	author = {Zhi Yan and Nicolas Jouandeau and Arab Ali Cherif},
	title = {A Survey and Analysis of Multi-Robot Coordination},
	journal = {International Journal of Advanced Robotic Systems}
}

@article{Dias2000,
	doi = {10.1184/r1/6550274.v1},
	url = {https://figshare.com/articles/A_Free_Market_Architecture_for_Distributed_Control_of_a_Multirobot_System/6550274/1},
	author = {{M. Bernardine  Dias} and Stentz,  Anthony},
	keywords = {80101 Adaptive Agents and Intelligent Robotics},
	title = {A Free Market Architecture for Distributed Control of a Multirobot System},
	publisher = {Figshare},
	year = {2018}
}

@article{Kuhn1955,
	doi = {10.1002/nav.3800020109},
	url = {https://doi.org/10.1002/nav.3800020109},
	year = {1955},
	month = mar,
	publisher = {Wiley},
	volume = {2},
	number = {1-2},
	pages = {83--97},
	author = {H. W. Kuhn},
	title = {The Hungarian method for the assignment problem},
	journal = {Naval Research Logistics Quarterly}
}

@article{Kulich2015,
	doi = {10.14311/ap.2015.55.0162},
	url = {https://doi.org/10.14311/ap.2015.55.0162},
	year = {2015},
	month = jun,
	publisher = {Czech Technical University in Prague - Central Library},
	volume = {55},
	number = {3},
	pages = {162--168},
	author = {Miroslav Kulich and Tom{\'{a}}{\v{s}} Juchelka and Libor P{\v{r}}eu{\v{c}}il},
	title = {COMPARISON OF EXPLORATION STRATEGIES FOR MULTI-ROBOT SEARCH},
	journal = {Acta Polytechnica}
}

@INPROCEEDINGS{Mataric2001,
	author = {Maja J. Mataric and Gaurav S. Sukhatme},
	title = {Task-allocation and Coordination of Multiple Robots for Planetary Exploration},
	booktitle = {In Proceedings of the 10th International Conference on Advanced Robotics},
	year = {2001},
	pages = {61--70}
}

@article{Grisetti2007,
	doi = {10.1109/tro.2006.889486},
	url = {https://doi.org/10.1109/tro.2006.889486},
	year = {2007},
	month = feb,
	publisher = {Institute of Electrical and Electronics Engineers ({IEEE})},
	volume = {23},
	number = {1},
	pages = {34--46},
	author = {Giorgio Grisetti and Cyrill Stachniss and Wolfram Burgard},
	title = {Improved Techniques for Grid Mapping With Rao-Blackwellized Particle Filters},
	journal = {{IEEE} Transactions on Robotics}
}

@inproceedings{Keidar2012,
	author = {Keidar, Matan and Kaminka, Gal A.},
	title = {Robot Exploration with Fast Frontier Detection: Theory and Experiments},
	booktitle = {Proceedings of the 11th International Conference on Autonomous Agents and Multiagent Systems - Volume 1},
	series = {AAMAS '12},
	year = {2012},
	isbn = {0-9817381-1-7, 978-0-9817381-1-6},
	location = {Valencia, Spain},
	pages = {113--120},
	numpages = {8},
	url = {http://dl.acm.org/citation.cfm?id=2343576.2343592},
	acmid = {2343592},
	publisher = {International Foundation for Autonomous Agents and Multiagent Systems},
	address = {Richland, SC},
	keywords = {exploration, frontier, laser, robot},
} 

@inproceedings{Yan2011,
	author = {Zhi Yan, Nicolas Jouandeau and Arab Ali Cherif},
	doi = {10.5220/0003405800990105},
	url = {https://doi.org/10.5220/0003405800990105},
	year = {2011},
	publisher = {{SciTePress} - Science and and Technology Publications},
	title = {{Multi}-{Robot} {Decentralized} {Exploration} {Using} a {Trade}-{Based} {Approach}},
	booktitle = {Proceedings of the 8th International Conference on Informatics in Control,  Automation and Robotics}
}

@inproceedings{Moravec,
	doi = {10.1109/robot.1985.1087316},
	url = {https://doi.org/10.1109/robot.1985.1087316},
	publisher = {Institute of Electrical and Electronics Engineers},
	author = {H. Moravec and A. Elfes},
	title = {High resolution maps from wide angle sonar},
	booktitle = {Proceedings. 1985 {IEEE} International Conference on Robotics and Automation}
}

@inproceedings{Wullschleger99,
	doi = {10.1109/eurbot.1999.827621},
	url = {https://doi.org/10.1109/eurbot.1999.827621},
	publisher = {{IEEE}},
	author = {F.H. Wullschleger and K.O. Arras and S.J. Vestli},
	title = {A flexible exploration framework for map building},
	booktitle = {1999 Third European Workshop on Advanced Mobile Robots (Eurobot99). Proceedings (Cat. No.99EX355)}
}

@inproceedings{Santosh2008,
	doi = {10.1109/robot.2008.4543622},
	url = {https://doi.org/10.1109/robot.2008.4543622},
	year = {2008},
	month = may,
	publisher = {{IEEE}},
	author = {D. Santosh and Supreeth Achar and C. V. Jawahar},
	title = {Autonomous image-based exploration for mobile robot navigation},
	booktitle = {2008 {IEEE} International Conference on Robotics and Automation}
}

@inproceedings{Murphy2008,
	doi = {10.1109/robot.2008.4543633},
	url = {https://doi.org/10.1109/robot.2008.4543633},
	year = {2008},
	month = may,
	publisher = {{IEEE}},
	author = {Liz Murphy and Paul Newman},
	title = {Using incomplete online metric maps for topological exploration with the Gap Navigation Tree},
	booktitle = {2008 {IEEE} International Conference on Robotics and Automation}
}

@article{GonzlezBaos2002,
	doi = {10.1177/0278364902021010834},
	url = {https://doi.org/10.1177/0278364902021010834},
	year = {2002},
	month = oct,
	publisher = {{SAGE} Publications},
	volume = {21},
	number = {10-11},
	pages = {829--848},
	author = {H{\'{e}}ctor H. Gonz{\'{a}}lez-Ba{\~{n}}os and Jean-Claude Latombe},
	title = {Navigation Strategies for Exploring Indoor Environments},
	journal = {The International Journal of Robotics Research}
}

@article{Surmann2003,
	doi = {10.1016/j.robot.2003.09.004},
	url = {https://doi.org/10.1016/j.robot.2003.09.004},
	year = {2003},
	month = dec,
	publisher = {Elsevier {BV}},
	volume = {45},
	number = {3-4},
	pages = {181--198},
	author = {Hartmut Surmann and Andreas N\"{u}chter and Joachim Hertzberg},
	title = {An autonomous mobile robot with a 3D laser range finder for 3D exploration and digitalization of indoor environments},
	journal = {Robotics and Autonomous Systems}
}

@article{Simmons2000,
	year = {2000},
	author = {R. Simmons and D. Apfelbaum and W. Burgard and D. Fox and M. Moors and S. Thrun, and H. Younes},
	title = {Coordination for Multi-Robot Exploration and Mapping},
	journal = {In Proceedings of the National Conference on Artificial Intelligence (AAAI)}
}

@article{Thrun2001,
	year = {2001},
	month = May,
	publisher = {{SAGE} Publications},
	volume = {20},
	number = {5},
	pages = {335--363},
	author = {Sebastian Thrun},
	title = {A Probabilistic On-Line Mapping Algorithm for Teams of Mobile Robots},
	journal = {The International Journal of Robotics Research}
}

@article{Rekeleitis2000,
	year = {2000},
	author = {I. M. Rekeleitis, G. Dudek and E. Millios},
	title = {Multi-robot Collaboration for Robust Exploration},
	journal = {2000 {IEEE} International Conference on Robotics and Automation}
}

@article{Fox2006,
	year = {2006},
	author = {D. Fox and J. Ko and K. Konolige and B. Limketkai and D. Schulz and B.
	Stewart},
	title = {Distributed Multi-robot Exploration and Mapping},
	journal = {In Proceedings of IEEE}
}

@inproceedings{Yamauchi1997,
	doi = {10.1109/cira.1997.613851},
	url = {https://doi.org/10.1109/cira.1997.613851},
	publisher = {{IEEE} Comput. Soc. Press},
	author = {B. Yamauchi},
	title = {A frontier-based approach for autonomous exploration},
	booktitle = {Proceedings 1997 {IEEE} International Symposium on Computational Intelligence in Robotics and Automation {CIRA97}. Towards New Computational Principles for Robotics and Automation }
}

@inproceedings{Burgard2000,
	doi = {10.1109/robot.2000.844100},
	url = {https://doi.org/10.1109/robot.2000.844100},
	publisher = {{IEEE}},
	author = {W. Burgard and M. Moors and D. Fox and R. Simmons and S. Thrun},
	title = {Collaborative multi-robot exploration},
	booktitle = {Proceedings 2000 {ICRA}. Millennium Conference. {IEEE} International Conference on Robotics and Automation. Symposia Proceedings (Cat. No.00CH37065)}
}

@inproceedings{Sharma2016,
	doi = {10.1109/icctict.2016.7514570},
	url = {https://doi.org/10.1109/icctict.2016.7514570},
	year = {2016},
	month = March,
	publisher = {{IEEE}},
	author = {Sujata Sharma and Ritu Tiwari},
	title = {A survey on multi robots area exploration techniques and algorithms},
	booktitle = {2016 International Conference on Computational Techniques in Information and Communication Technologies ({ICCTICT})}
}

@article{LopezPerez2018,
	doi = {10.1155/2018/2373642},
	url = {https://doi.org/10.1155/2018/2373642},
	year = {2018},
	month = June,
	publisher = {Hindawi Limited},
	volume = {2018},
	pages = {1--17},
	author = {Jose J. Lopez-Perez and Uriel H. Hernandez-Belmonte and Juan-Pablo Ramirez-Paredes and Marco A. Contreras-Cruz and Victor Ayala-Ramirez},
	title = {Distributed Multirobot Exploration Based on Scene Partitioning and Frontier Selection},
	journal = {Mathematical Problems in Engineering}
}

@article{Sheng2006,
	doi = {10.1016/j.robot.2006.06.003},
	url = {https://doi.org/10.1016/j.robot.2006.06.003},
	year = {2006},
	month = December,
	publisher = {Elsevier {BV}},
	volume = {54},
	number = {12},
	pages = {945--955},
	author = {Weihua Sheng and Qingyan Yang and Jindong Tan and Ning Xi},
	title = {Distributed multi-robot coordination in area exploration},
	journal = {Robotics and Autonomous Systems}
}

@inproceedings{SharmaHonc2016,
	year = {2016}
	author = {K. R. Sharma and D. Honc and F. Dusek and T. GireeshKumar},
	title = {Frontier based multi robot area exploration using prioritized
	routing},
	booktitle = {in {ECMS}}
}

@incollection{Faigl2015,
	doi = {10.1007/978-3-319-17130-2_7},
	url = {https://doi.org/10.1007/978-3-319-17130-2_7},
	year = {2015},
	publisher = {Springer International Publishing},
	pages = {101--110},
	author = {Jan Faigl and Olivier Simonin and Francois Charpillet},
	title = {Comparison of Task-Allocation Algorithms in Frontier-Based Multi-robot Exploration},
	booktitle = {Multi-Agent Systems}
}

@incollection{Bhattacharya2013,
	doi = {10.1007/978-3-642-32723-0_5},
	url = {https://doi.org/10.1007/978-3-642-32723-0_5},
	year = {2013},
	publisher = {Springer Berlin Heidelberg},
	pages = {61--75},
	author = {Subhrajit Bhattacharya and Nathan Michael and Vijay Kumar},
	title = {Distributed Coverage and Exploration in Unknown Non-convex Environments},
	booktitle = {Springer Tracts in Advanced Robotics}
}

@article{BhattacharyaGhrist2013,
	doi = {10.1177/0278364913507324},
	url = {https://doi.org/10.1177/0278364913507324},
	year = {2013},
	month = October,
	publisher = {{SAGE} Publications},
	volume = {33},
	number = {1},
	pages = {113--137},
	author = {Subhrajit Bhattacharya and Robert Ghrist and Vijay Kumar},
	title = {Multi-robot coverage and exploration on Riemannian manifolds with boundaries},
	journal = {The International Journal of Robotics Research}
}

@incollection{Pereira2015,
	doi = {10.1007/978-3-319-10380-8_49},
	url = {https://doi.org/10.1007/978-3-319-10380-8_49},
	year = {2015},
	publisher = {Springer International Publishing},
	pages = {515--524},
	author = {Tiago Pereira and Ant{\'{o}}nio Paulo Moreira and Manuela Veloso},
	title = {Coordination for Multi-robot Exploration Using Topological Maps},
	booktitle = {Lecture Notes in Electrical Engineering}
}

@incollection{Bautin2012,
	doi = {10.1007/978-3-642-33515-0_49},
	url = {https://doi.org/10.1007/978-3-642-33515-0_49},
	year = {2012},
	publisher = {Springer Berlin Heidelberg},
	pages = {496--508},
	author = {Antoine Bautin and Olivier Simonin and Fran{\c{c}}ois Charpillet},
	title = {{MinPos} : A Novel Frontier Allocation Algorithm for Multi-robot Exploration},
	booktitle = {Intelligent Robotics and Applications}
}

@inproceedings{Colares2016,
	doi = {10.1145/2851613.2851706},
	url = {https://doi.org/10.1145/2851613.2851706},
	year = {2016},
	publisher = {{ACM} Press},
	author = {Rafael Gon{\c{c}}alves Colares and Luiz Chaimowicz},
	title = {The next frontier},
	booktitle = {Proceedings of the 31st Annual {ACM} Symposium on Applied Computing - {SAC}16}
}

@inproceedings{Benkrid2017,
	doi = {10.1109/icosc.2017.7958683},
	url = {https://doi.org/10.1109/icosc.2017.7958683},
	year = {2017},
	month = May,
	publisher = {{IEEE}},
	author = {Abdenour Benkrid and Noura Achour},
	title = {A novel approach for coordinated multi-robot exploration},
	booktitle = {2017 6th International Conference on Systems and Control ({ICSC})}
}

@article{Wang2019,
	doi = {10.1109/lra.2019.2923368},
	url = {https://doi.org/10.1109/lra.2019.2923368},
	year = {2019},
	month = July,
	publisher = {Institute of Electrical and Electronics Engineers ({IEEE})},
	volume = {4},
	number = {3},
	pages = {2989--2996},
	author = {Chaoqun Wang and Delong Zhu and Teng Li and Max Q.-H. Meng and Clarence W. de Silva},
	title = {Efficient Autonomous Robotic Exploration With Semantic Road Map in Indoor Environments},
	journal = {{IEEE} Robotics and Automation Letters}
}

@article{Rocha2005,
	doi = {10.1016/j.robot.2005.09.008},
	url = {https://doi.org/10.1016/j.robot.2005.09.008},
	year = {2005},
	month = December,
	publisher = {Elsevier {BV}},
	volume = {53},
	number = {3-4},
	pages = {282--311},
	author = {Rui Rocha and Jorge Dias and Adriano Carvalho},
	title = {Cooperative multi-robot systems:},
	journal = {Robotics and Autonomous Systems}
}